<?xml version="1.0" encoding="UTF-8"?><collection xmlns="http://www.loc.gov/MARC21/slim"><record><leader>00399nam--2200133-i-4500</leader><controlfield tag="001">000003649</controlfield><controlfield tag="002">20161230</controlfield><controlfield tag="005">20161230201025</controlfield><controlfield tag="008">060222s1000------------r-----000-0-eng-d</controlfield><datafield ind1=" " ind2=" " tag="080"><subfield code="a">532.5(083.5):621.2.01</subfield></datafield><datafield ind1=" " ind2=" " tag="100"><subfield code="a">Chiselev, P.G</subfield></datafield><datafield ind1=" " ind2=" " tag="245"><subfield code="a">Indreptar pentru calcule hidraulice.trad.din l.rusa</subfield></datafield><datafield ind1=" " ind2=" " tag="260"><subfield code="a">Bucuresti, Edit.Energetica De Stat, 1953 632 P.Cu Grafice + 1 Grafic + Erata</subfield></datafield><datafield ind1=" " ind2=" " tag="852"><subfield code="a">3133</subfield></datafield></record></collection>